<?xml version="1.0" encoding="UTF-8"?><collection xmlns="http://www.loc.gov/MARC21/slim"><record><leader>00353nam--2200121-i-4500</leader><controlfield tag="001">000028086</controlfield><controlfield tag="002">20161230</controlfield><controlfield tag="005">20161230201037</controlfield><controlfield tag="008">060222s1000------------r-----000-0-eng-d</controlfield><datafield ind1=" " ind2=" " tag="100"><subfield code="a">Krzywoblocki, M.Z</subfield></datafield><datafield ind1=" " ind2=" " tag="245"><subfield code="a">Bergman`s linear integral operator method in the theory of compressible fluid flow</subfield></datafield><datafield ind1=" " ind2=" " tag="260"><subfield code="a">Wien,Springer-verlag, 1960. 188p</subfield></datafield><datafield ind1=" " ind2=" " tag="852"><subfield code="a">12135</subfield></datafield></record></collection>